@article{gomes2009overview,
  title={An overview on the static code analysis approach in software development},
  author={Gomes, Ivo and Morgado, Pedro and Gomes, Tiago and Moreira, Rodrigo}
}

@online{mongoDbManual,
    title = {MongoDB Manual},
    url = {https://docs.mongodb.com/manual/},
    howpublished = {https://docs.mongodb.com/manual/}
}

@online{sonarQubeHeise,
    title = {Einsatz von SonarQube zur QualitÃ¤tssicherung in heterogenen Projekten},
    url = {https://m.heise.de/developer/artikel/Einsatz-von-SonarQube-zur-Qualitaetssicherung-in-heterogenen-Projekten-1953460.html},
    howpublished = {https://m.heise.de/developer/artikel/Einsatz-von-SonarQube-zur-Qualitaetssicherung-in-heterogenen-Projekten-1953460.html}
}

@BOOK{mongoDBTrelle,
  TITLE = {MongoDB},
  SUBTITLE = {Der praktische Einstieg},
  AUTHOR = {Tobias Trelle},
  YEAR = {2014}, % I looked it up
  PUBLISHER = {dpunkt},
}


@INPROCEEDINGS{iqbalCodeQualityApproach,
author={T. {Iqbal} and M. {Iqbal} and M. {Asad} and A. {Khan}},
booktitle={2016 10th International Conference on Software, Knowledge, Information Management Applications (SKIMA)},
title={A source code quality analysis approach},
year={2016},
volume={},
number={},
pages={142-145},
keywords={C++ language;software quality;source code (software);source code quality analysis;C++ programs;Biological system modeling;Analytical models;Software;Hardware;ISO Standards;IEC Standards;Reliability;source code analysis;quality source coding;source code testing;analyzing source code},
doi={10.1109/SKIMA.2016.7916211},
ISSN={null},
month={12},}

@book{anardu2014maven,
  title={Maven Build Customization},
  author={Anardu, Lorenzo and Baldi, Roberto and Cicero, Umberto Antonio and Giomi, Riccardo and Veneri, Giacomo},
  year={2014},
  publisher={Packt Publishing Ltd}
}

@online{spotBugsUsage,
 title = {SpotBugs Maven Plugin - Usage},
 url = {https://spotbugs.github.io/spotbugs-maven-plugin/usage.html},
 lastchecked = {30.02.2020},
 originalyear = {17.02.2020}
}

@online{checkstylePlugin,
 title = {Apache Maven Checkstyle Plugin},
 url = {https://maven.apache.org/plugins/maven-checkstyle-plugin/},
 lastchecked = {04.03.2020},
 originalyear = {08.02.2020}
}

@online{gonzalezMavenTutorial,
 author = { Marcos Lopez Gonzalez},
 title = {How to Create a Maven Plugin},
 url = {https://www.baeldung.com/maven-plugin},
 lastchecked = {25.02.2020},
 originalyear = {08.12.2019}
}

@book{walls2016spring,
  title={Spring Boot in action},
  author={Walls, Craig},
  year={2016},
  publisher={Manning Publications}
}

@book{lowagie2011itext,
  title={iText in Action},
  author={Lowagie, Bruno},
  year={2011},
  publisher={Manning}
}

@article{grigorenkoDynTest,
author = {Grigorenko, Elena and Sternberg, Robert},
year = {1998},
month = {07},
pages = {75-111},
title = {Dynamic Testing},
volume = {124},
journal = {Psychological Bulletin},
doi = {10.1037/0033-2909.124.1.75}
}

@online{sonarLint,
 author = { Tobias Meyer-Janson },
 title = {Statische Codeanalyse mit unmittelbarem Feedback in der IDE mit SonarLint und SonarQube},
 url = {https://blog.oio.de/2019/06/18/statische-codeanalyse-in-der-ide-mit-sonarlint-und-sonarqube/},
 urldate  = {20.02.2020},
 year = 2019
}

@article{goseva2015capability,
  title={On the capability of static code analysis to detect security vulnerabilities},
  author={Goseva-Popstojanova, Katerina and Perhinschi, Andrei},
  journal={Information and Software Technology},
  volume={68},
  pages={18--33},
  year={2015},
  publisher={Elsevier}
}

@article{comparativeAnalysisTools,
author = {Ashfaq, Qirat and Khan, Rimsha and Farooq, Sehrish},
year = {2019},
month = {03},
pages = {98-103},
title = {A Comparative Analysis of Static Code Analysis Tools that check Java Code Adherence to Java Coding Standards},
doi = {10.1109/C-CODE.2019.8681007}
}

@online{veracodeDig,
 title = {Veracode Application Security Testing (AST)},
 url = {https://www.digitalmarketplace.service.gov.uk/g-cloud/services/943072060331402},
 lastchecked = {05.03.2020}
 }
 
@book{bommer2016softwarewartung,
  title={Softwarewartung: Grundlagen, Management und Wartungstechniken},
  author={Bommer, Christoph and Spindler, Markus and Barr, Volkert},
  year={2016},
  isbn={978-3-89864-482-2},
  publisher={dpunkt. verlag}
}

@inproceedings{zampetti2017open,
  title={How open source projects use static code analysis tools in continuous integration pipelines},
  author={Zampetti, Fiorella and Scalabrino, Simone and Oliveto, Rocco and Canfora, Gerardo and Di Penta, Massimiliano},
  booktitle={2017 IEEE/ACM 14th International Conference on Mining Software Repositories (MSR)},
  pages={334--344},
  year={2017},
  organization={IEEE}
}

@misc{jung2014sensitive,
  title={Sensitive data tracking using dynamic taint analysis},
  author={Jung, Jaeyeon and Zhu, Yu},
  year={2014},
  month=nov # "~18",
  publisher={Google Patents},
  note={US Patent 8,893,280}
}